@book{edwards2006courtyard,
  title={Courtyard housing: past, present and future},
  author={Edwards, Brian and Sibley, Magda and Land, Peter and Hakmi, Mohamad},
  year={2006},
  publisher={Taylor \& Francis}
}

@article{batty1991natural,
	title={Natural-cooling techniques for residential buildings in hot climates},
	author={Batty, WJ and Al-Hinai, H and Probert, SD},
	journal={Applied energy},
	volume={39},
	number={4},
	pages={301--337},
	year={1991},
	publisher={Elsevier}
}
@article{scudo1988climatic,
	title={Climatic design in the Arab courtyard house},
	author={Scudo, Gianni},
	journal={Environmental Design: Journal of the Islamic Environmental Design Research Centre},
	volume={12},
	year={1988}
}
@article{fathy1986natural,
	title={Natural energy and vernacular architecture},
	author={Fathy, Hassan},
	year={1986},
	publisher={University of Chicago Press, Chicago, IL}
}
@article{etzion1990thermal,
	title={The Thermal Behaviour of Non-Shaded Closed Courtyards in Hot-Arid Zones [1]},
	author={Etzion, Yair},
	journal={Architectural Science Review},
	volume={33},
	number={3},
	pages={79--83},
	year={1990},
	publisher={Taylor \& Francis}
}
@article{al2001effect,
	title={The effect of a ventilated interior courtyard on the thermal performance of a house in a hot--arid region},
	author={Al-Hemiddi, Nasser A and Al-Saud, Khalid A Megren},
	journal={Renewable Energy},
	volume={24},
	number={3-4},
	pages={581--595},
	year={2001},
	publisher={Elsevier}
}
